%%%%%%%%
% Libros
%%%%%%%%

@BOOK {Madrid2007,
    author    = "APIEM.",
    title     = "La domótica como solución del futuro.",
    publisher = "Energy Management Agency Itelligent Energy Europe",
    year      = "2007.",
    address   = "España.",
}

@MANUAL {Sonoff2018,
  author = "Sonoff",
  organization = {\url{http://sonoff.itead.cc/en/}},
  year = {2018},
}

@MANUAL {Arduino2018,
  author = "Arduino",
  organization = {\url{https://www.arduino.cc/}},
  year = {2018},
}

@MANUAL {Sanchez2018,
  author = "Sánchez, A.",
  title  = "Introducción: Informática para la bioinformática",
  organization = {\url{http://www.ub.edu/stat/docencia/bioinformatica/introbiocomputacio/}},
  year = {2018},
}

@MANUAL {Apache2018,
  author = "Dedoimedo",
  title  = "Apache Web server Complete Guide",
  organization = {\url{https://www.dedoimedo.com/computers/www.dedoimedo.com-apache-web-server-lm.pdf}},
  year = {2018},
}

@BOOK {Pavon2017,
    author    = "Pavón, J.",
    title     = "Estructura de las Aplicaciones Orientadas a Objetos: Interfaces gráficas de usuario.",
    publisher = "Dep. Ingeniería del Software e Inteligencia Artificial Universidad Complutense Madrid.",
    year      = "2018.",
    address   = "España.",
}

@MANUAL {Both2017,
  author = "David Both",
  title  = "Build your own DNS server on Linux",
  organization = {\url{https://opensource.com/article/17/4/build-your-own-name-server}},
  year = {2017},
}

@BOOK {Saha2017,
    author    = "Saha, J.",
    title     = "Advanced IOT Based Combined Remote Health Monitoring, Home Automation and Alarm System.",
    publisher = "Electrical & Electronics Engineering, Institute of Engineering & Management.",
    year      = "2017.",
    address   = "India.",
}

@BOOK {Maciel2017,
    author    = "Maciel, F. and Thangaraj, C.",
    title     = "A Scalable Modular Heterogeneous System for
Home and Oce Automation.",
    publisher = "Roger Williams University Bristol. ",
    year      = "2017.",
    address   = "USA.",
}

@BOOK {Nayyar2017,
    author    = "Nayyar, C. Valarmathi, B. and Santhi, K.",
    title     = "Home Security and Energy Ecient Home Automation System Using Arduino.",
    publisher = "International Conference on Communication and Signal Processing. ",
    year      = "2017.",
    address   = "India.",
}

@BOOK {Gladence2017,
    author    = "Gladence, M. Sivakumar,H. Venkatesan, G. and Priya, S.",
    title     = " Home and Oce Automation System Using Human Activity Recognition.",
    publisher = "International Conference on Communication and Signal Processing. ",
    year      = "2017.",
    address   = "India.",
}

@BOOK {Cabrera2016,
    author    = "Cabrera, J. Mena, M. Parra, A. and Pinos, E.",
    title     = "Intelligent Assistant to Control Home Power Network.",
    publisher = "IEEE International Autumn Meeting on Power,
Electronics and Computing (ROPEC 2016). ",
    year      = "2016.",
    address   = "Ixtapa, Mexico.",
}

@BOOK {Frontoni2017,
    author    = "Frontoni, E. Liciotti, D. and Paolanti, M",
    title     = "Design of an Interoperable Framework with Domotic Sensors Network Integration.",
    publisher = "International Conference on Consumer Electronics - Berlin (ICCE-Berlin). ",
    year      = "2017.",
    edition   = "7th.", 
    address   = "Ancona, Italia.",
}

@BOOK {Sechi2010,
    author    = "Sechi, F. Fanucci, L. Luschi, S. Perini, S. and Madesani, M.",
    title     = "Design of a Distributed Embedded System for Domotic Applications.",
    publisher = "Euromicro Coference on Digital System Design. Architectures, Methods and Tools.",
    year      = "2010.",
    edition   = "11th.", 
    address   = "Berlín, Alemania.",
}

@BOOK {Zamora2010,
    author    = "Zamora, M. Santa, J. and Gomez, A.",
    title     = "An Integral and Networked Home Automation Solution for Indoor Ambient Intelligence",
    publisher = "Home Automation Tecnologies. IEEE Internet Computing Reports.",
    year      = "2010",
}

@BOOK {Errobidart2017,
    author    = "Errobidart, J. Uriz, A. Gonzalez, E. and Exequiel, I.",
    title     = "Oine Domotic System using Voice Comads",
    publisher = "Eight Argentine Symposium and Conference on Embedded
Systems (CASE).",
    year      = "2017.",
}

@BOOK {Lita2017,
    author    = "Lita, A. and Visan, D.",
    title     = "Door Automation System for Smart Home Implementation.",
    publisher = " IEEE 23rd International Symposium for Design and Technology in Electronic Packaging (SIITME)",
    year      = "2017.",
}

@BOOK {Hassanpour2017,
    author    = "Hassanpour, V",
    title     = "Low-Cost Home Automation Using Arduino and Modbus Protocol.",
    publisher = "5th International Conference on Control, Instrumentation and Automation (ICCIA).",
    year      = "2017.",
}

@BOOK {Vatti2017,
    author    = "Shinde,A. Kanade, S. Jugale, N. Gurav, A. and Vatti, M.",
    title     = "Smart Home Automation System using IR, Bluetooth, GSM and Android.",
    publisher = "Vishwakarma Institute of Technology, Pune, Maharashtra. Fourth International Conference on Image Information Processing (ICIIP)",
    year      = "2017",
    address   = "India",
}

@BOOK {Ferdinand2010,
    author    = "Johnston, R.E. Beer, F.P. and Cornwell, P.J.",
    title     = "Mecánica vectorial para ingenieros",
    publisher = "Editorial McGraw Hill",
    year      = "2010",
    edition   = "9th", 
    address   = "México",
}

@BOOK {Valiente2001,
    author    = "Valiente Feruglio, G.",
    title     = "Composición de Textos Científicos con LaTeX",
    publisher = "Alfaomega",
    year      = "2001",
    address   = "México D.F.",
    edition   = "1st"
}

%%%%%%%
% Otros
%%%%%%%

@BOOKLET {Krishnan2003,
    title        = "LaTeX Tutorials - A Primer",
    author       = "Krishnan, G.",
    howpublished = "Indian TEX Users Group",
    address      = "India",
    year         = "2003"
}

@BOOKLET {Oetiker2014,
    title  = "The Not So Short Introduction to LaTeX",
    author = "Oetiker, T.; Partl, H.; Hyna, I.; Schlegl, E.",
    year   = "2001"
}

@ONLINE {Pi2016,
    author = "Raspberry Pi",
    year   = "2017",
    url    = "https://www.raspberrypi.org/"
}

@ONLINE {Nao2017,
    author = "Robot NAO",
    year   = "2017",
    organization = "https://www.juguetronica.com/robot-nao"
}

@ONLINE {Cabrera2007,
    author = "Cabrera and Cabral",
    title = "Práctica: Cuestiones de Utilidad",
    year   = "2007",
    organization = "http://ocw.upc.edu/download.php?file=15011996/tema3 teoria 2-2837.pdf."
}

@ONLINE {Wikibooks2016,
    author = "Wikibooks",
    title  = "LaTeX",
    year   = "2016",
    url    = "http://en.wikibooks.org/wiki/LaTeX"
}

@ONLINE {StackExchange2016,
    author = "StackExchange",
    title  = "LaTeX question and answer site",
    year   = "2016",
    url    = "http://tex.stackexchange.com/"
}

@INPROCEEDINGS {AyH2000,
  author = {K .J. {\AA}str{\"o}m and T. H{\"a}gglund},
  title = {Benchmark {S}ystems for {PID} {C}ontrol},
  booktitle = {IFAC Digital Control: Past, Present and Future of {PID} Control (PID'00)},
  year = {5-7 April,, Terrasa, Spain, 2000},
  owner = {Victor Alfaro},
  timestamp = {2010.03.10}
}

@BOOK {astromhagglund2006,
  title = {Advanced {PID} Control},
  publisher = {ISA - The Instrumentation, Systems, and Automation Society},
  year = {2006},
  author = {K.J. {\AA}str{\"o}m and T. H{\"a}gglund},
  address = {Research Triangle Park, NC 27709, USA},
  owner = {valfaro},
  timestamp = {2006.06.13}
}

@MANUAL {vmaeieproyman,
  title = {Manual de usuario de la clase \texttt{eieproyecto} - {IE-0499} Proyecto eléctrico},
  author = {Alfaro, V. M.},
  organization = {Escuela de Ingeniería Eléctrica, Universidad de Costa Rica},
  month = {febrero},
  year = {2013},
  owner = {Victor Alfaro},
  timestamp = {2013.02.12}
}

@MANUAL {QT52018,
  title = {QT5 Documentation.},
  author = {QT5.},
  organization = {\url{http://doc.qt.io/qt-5/qt5-intro.html}},
  year = {2018},
}



@MANUAL {Roboclaw2017,
  title = {Roboclaw User Manual},
  author = {Ion Motion Control.},
  organization = {https://www.pololu.com/},
  year = {2017},
}

@MANUAL {Nexus2017,
  title = {8 inch Nexus Mecanum Wheels},
  author = {RobotShop},
  organization = {https://www.superdroidrobots.com/shop/item.aspx/8-inch-nexus-mecanum-wheels-ball-bearing-set-of-4/1351/},
  year = {2017},
}

@MANUAL {venom2017,
  title = {Drone Professional Battery},
  author = {Venom Power},
  organization = {https://www.venompower.com/products/venom-16000mah-3s-11-1v-drone-professional-battery-15c-lipo-with-xt90-s-plug-1},
  year = {2017},
}

@MANUAL {Pi2017,
  author = {Raspberry Pi},
  organization = {https://www.raspberrypi.org/},
  year = {2017},
}


@MANUAL {Sonoff2018,
  author = {Sonoff},
  organization = {http://sonoff.itead.cc/en/},
  year = {2018},
}


@MANUAL {DC2017,
  author = {Servocity},
  organization = {https://www.servocity.com/},
  year = {2017},
}

@MANUAL {Nasa2017,
  title = {Curiosity Rover},
  author = {Mars Science Laboratory, (MSL)},
  organization = {https://www.nasa.gov/},
  year = {2017},
}

@MANUAL {fear2005,
  title = {Publication quality tables in {\LaTeX}},
  author = {Fear, S.},
  organization = {http://www.ctan.org/tex-archive/macros/latex/contrib/booktabs/},
  year = {2005},
  owner = {Victor Alfaro},
  timestamp = {2013.02.12}
}

@STANDARD {RTCR443-2010,
  title = {{Reglamento Técnico RTCR443-2010, Metrología, Unidades de Medidas,
	Sistema Internacional (SI)}},
  organization = {Ministerio de Economía, Industria y Comercio},
  institution = {Costa Rica},
  author = {MEIC},
  year = {2010},
  note = {Ministerio de Economía, Industria y Comercio, San José, Costa Rica},
  owner = {Victor Alfaro},
  timestamp = {2013.02.21}
}

@BOOK {latexcomp,
  title = {The {\LaTeX} Companion},
  publisher = {Addison-Wesley/Pearson Education, Inc, Boston, MA, EE.UU.},
  year = {2004},
  author = {Mittelbach, F. and Goossens, M. and Braams, J. and Carlisle, D. and
	Rowley, C.},
  edition = {2da.},
  owner = {victor},
  timestamp = {2013.02.05}
}

@MANUAL {nie2003,
  title = {The \texttt{sidecap} pakage},
  author = {Niepraschk, R. and Gäßlein, H.},
  organization = {http://www.ctan.org/tex-archive/macros/latex/contrib/sidecap},
  year = {2003},
  owner = {Victor Alfaro},
  timestamp = {2013.02.12}
}

@MANUAL {nsces,
  title = {La introducción no tan corta a {\LaTeX} $2{\epsilon}$},
  author = {Oetiker, T. and Partl, H and Hyna, I and Schlegi, E.},
  address = {http://www.ctan.org/tex-archive/info/lshort/spanish},
  month = {Febrero},
  year = {2010},
  owner = {Victor Alfaro},
  timestamp = {2013.02.06}
}

@MANUAL {memoir2011,
  title = {The Memoir Class for Configurable Typesetting},
  author = {Wilson, P. R. and Madsen, L.},
  address = {http://www.ctan.org/pkg/memoir},
  year = {2011},
  publisher = {The Herris Press, Normandy Park, WA, EE.UU.},
  timestamp = {2013.02.05}
}